[gd_scene load_steps=26 format=2]

[ext_resource path="res://scenes/flight_sim/ShipUI/ShipUI.gd" type="Script" id=1]
[ext_resource path="res://resources/styles/PanelBlack.tres" type="StyleBox" id=2]
[ext_resource path="res://assets/fonts/digitz.ttf" type="DynamicFontData" id=3]
[ext_resource path="res://assets/gfx/gui/killrotlight.png" type="Texture" id=4]
[ext_resource path="res://scenes/flight_sim/ShipUI/Clock.gd" type="Script" id=5]
[ext_resource path="res://assets/fonts/Perfect DOS VGA 437.ttf" type="DynamicFontData" id=6]
[ext_resource path="res://assets/gfx/gui/clock.png" type="Texture" id=7]
[ext_resource path="res://assets/gfx/gui/spd_limit_gfx.png" type="Texture" id=8]
[ext_resource path="res://assets/fonts/IttyBitty.ttf" type="DynamicFontData" id=9]
[ext_resource path="res://assets/gfx/gui/linvel_dis.png" type="Texture" id=10]
[ext_resource path="res://assets/gfx/gui/linvel.png" type="Texture" id=11]
[ext_resource path="res://resources/Glow.tscn" type="PackedScene" id=12]

[sub_resource type="ShaderMaterial" id=1]

render_priority = 0
_sections_unfolded = [ "shader_param" ]

[sub_resource type="DynamicFont" id=2]

size = 22
use_mipmaps = false
use_filter = false
font_data = ExtResource( 3 )
_sections_unfolded = [ "Font", "Settings" ]

[sub_resource type="StyleBoxFlat" id=3]

content_margin_left = -1.0
content_margin_right = -1.0
content_margin_top = -1.0
content_margin_bottom = -1.0
bg_color = Color( 1, 1, 1, 0.48 )
draw_center = true
border_width_left = 0
border_width_top = 0
border_width_right = 0
border_width_bottom = 0
border_color = Color( 0.8, 0.8, 0.8, 1 )
border_blend = false
corner_radius_top_left = 0
corner_radius_top_right = 0
corner_radius_bottom_right = 0
corner_radius_bottom_left = 0
corner_detail = 8
expand_margin_left = 0.0
expand_margin_right = 0.0
expand_margin_top = 0.0
expand_margin_bottom = 0.0
shadow_color = Color( 0, 0, 0, 0.6 )
shadow_size = 0
anti_aliasing = true
anti_aliasing_size = 1
_sections_unfolded = [ "Expand Margin" ]

[sub_resource type="DynamicFont" id=4]

size = 16
use_mipmaps = false
use_filter = false
font_data = ExtResource( 6 )
_sections_unfolded = [ "Font", "Settings" ]

[sub_resource type="DynamicFont" id=5]

size = 32
use_mipmaps = false
use_filter = false
font_data = ExtResource( 6 )
_sections_unfolded = [ "Font", "Settings" ]

[sub_resource type="Animation" id=6]

length = 0.6
loop = false
step = 0.1
tracks/0/type = "value"
tracks/0/path = NodePath("Overlay/Blinker:self_modulate")
tracks/0/interp = 1
tracks/0/loop_wrap = true
tracks/0/imported = false
tracks/0/enabled = true
tracks/0/keys = {
"times": PoolRealArray( 0, 0.6 ),
"transitions": PoolRealArray( 1, 1 ),
"update": 0,
"values": [ Color( 1, 1, 1, 1 ), Color( 0, 0, 0, 1 ) ]
}

[sub_resource type="StyleBoxFlat" id=7]

content_margin_left = -1.0
content_margin_right = -1.0
content_margin_top = -1.0
content_margin_bottom = -1.0
bg_color = Color( 0, 0, 0, 0.45302 )
draw_center = true
border_width_left = 0
border_width_top = 0
border_width_right = 0
border_width_bottom = 0
border_color = Color( 0.8, 0.8, 0.8, 1 )
border_blend = false
corner_radius_top_left = 0
corner_radius_top_right = 8
corner_radius_bottom_right = 8
corner_radius_bottom_left = 0
corner_detail = 8
expand_margin_left = 0.0
expand_margin_right = 0.0
expand_margin_top = 0.0
expand_margin_bottom = 0.0
shadow_color = Color( 0, 0, 0, 0.6 )
shadow_size = 0
anti_aliasing = true
anti_aliasing_size = 1

[sub_resource type="DynamicFont" id=8]

size = 32
use_mipmaps = false
use_filter = false
font_data = ExtResource( 3 )
_sections_unfolded = [ "Font", "Settings" ]

[sub_resource type="DynamicFont" id=9]

size = 16
use_mipmaps = false
use_filter = false
font_data = ExtResource( 3 )
_sections_unfolded = [ "Font", "Settings" ]

[sub_resource type="DynamicFont" id=10]

size = 8
use_mipmaps = false
use_filter = false
font_data = ExtResource( 9 )
_sections_unfolded = [ "Font", "Settings" ]

[sub_resource type="Shader" id=11]

code = "shader_type canvas_item;
render_mode blend_add;

uniform float intensity = 1.0;

void fragment() {
	float radius = 0.09/100.0;
	float divider = 0.4;
	vec4 col = vec4(0.05,0.1,0,1);

	
	col+= textureLod(SCREEN_TEXTURE, SCREEN_UV+vec2(radius,0),0.0);
	col+= textureLod(SCREEN_TEXTURE, SCREEN_UV+vec2(-radius,0),0.0);

	col+= textureLod(SCREEN_TEXTURE, SCREEN_UV+vec2(0,-radius),0.0);
	col+= textureLod(SCREEN_TEXTURE, SCREEN_UV+vec2(0,radius),0.0);
	
	col+= textureLod(SCREEN_TEXTURE, SCREEN_UV+vec2(radius,-radius),0.0);
	col+= textureLod(SCREEN_TEXTURE, SCREEN_UV+vec2(-radius,radius),0.0);
	
	col+= textureLod(SCREEN_TEXTURE, SCREEN_UV+vec2(-radius,-radius),0.0);
	col+= textureLod(SCREEN_TEXTURE, SCREEN_UV+vec2(radius,radius),0.0);
	

	
	col/=divider;
	COLOR.rgba*=col*0.1*intensity;
}"
_sections_unfolded = [ "Resource" ]

[sub_resource type="ShaderMaterial" id=12]

render_priority = 0
shader = SubResource( 11 )
shader_param/intensity = 0.2
_sections_unfolded = [ "shader_param" ]

[sub_resource type="Animation" id=13]

length = 1.0
loop = true
step = 0.1
tracks/0/type = "value"
tracks/0/path = NodePath(".:modulate")
tracks/0/interp = 2
tracks/0/loop_wrap = false
tracks/0/imported = false
tracks/0/enabled = true
tracks/0/keys = {
"times": PoolRealArray( 0, 0.4, 1 ),
"transitions": PoolRealArray( 1, 1, 1 ),
"update": 0,
"values": [ Color( 1, 1, 1, 1 ), Color( 1, 1, 1, 1 ), Color( 1, 1, 1, 0 ) ]
}

[node name="ShipUI" type="CanvasLayer" index="0"]

layer = 1
offset = Vector2( 0, 0 )
rotation = 0.0
scale = Vector2( 1, 1 )
transform = Transform2D( 1, 0, 0, 1, 0, 0 )
script = ExtResource( 1 )

[node name="Frame" type="Control" parent="." index="0"]

anchor_left = 0.0
anchor_top = 0.0
anchor_right = 1.0
anchor_bottom = 1.0
margin_left = 8.0
margin_top = 8.0
margin_right = -8.0
margin_bottom = -8.0
rect_pivot_offset = Vector2( 0, 0 )
rect_clip_content = false
mouse_filter = 0
mouse_default_cursor_shape = 0
size_flags_horizontal = 1
size_flags_vertical = 1
_sections_unfolded = [ "Margin", "Visibility" ]

[node name="VelocityDisplay" type="Panel" parent="Frame" index="0"]

editor/display_folded = true
visible = false
anchor_left = 1.0
anchor_top = 0.0
anchor_right = 1.0
anchor_bottom = 0.0
margin_left = -320.0
margin_top = 19.0
margin_right = -22.0
margin_bottom = 131.0
rect_pivot_offset = Vector2( 0, 0 )
rect_clip_content = false
mouse_filter = 0
mouse_default_cursor_shape = 0
size_flags_horizontal = 1
size_flags_vertical = 1

[node name="Display" type="PanelContainer" parent="Frame/VelocityDisplay" index="0"]

material = SubResource( 1 )
anchor_left = 1.0
anchor_top = 0.0
anchor_right = 1.0
anchor_bottom = 0.0
margin_left = -210.0
margin_top = 20.0
margin_right = -54.0
margin_bottom = 84.0
rect_pivot_offset = Vector2( 0, 0 )
rect_clip_content = false
mouse_filter = 0
mouse_default_cursor_shape = 0
size_flags_horizontal = 1
size_flags_vertical = 1
custom_styles/panel = ExtResource( 2 )
_sections_unfolded = [ "Material", "custom_styles" ]

[node name="Box" type="VBoxContainer" parent="Frame/VelocityDisplay/Display" index="0"]

editor/display_folded = true
anchor_left = 0.0
anchor_top = 0.0
anchor_right = 0.0
anchor_bottom = 0.0
margin_right = 156.0
margin_bottom = 64.0
rect_pivot_offset = Vector2( 0, 0 )
rect_clip_content = false
mouse_filter = 1
mouse_default_cursor_shape = 0
size_flags_horizontal = 1
size_flags_vertical = 1
alignment = 0
_sections_unfolded = [ "Visibility" ]

[node name="LinearVelocity" type="Label" parent="Frame/VelocityDisplay/Display/Box" index="0"]

editor/display_folded = true
modulate = Color( 0.384142, 0.914062, 0.353485, 1 )
anchor_left = 0.0
anchor_top = 0.0
anchor_right = 0.0
anchor_bottom = 0.0
margin_right = 156.0
margin_bottom = 30.0
rect_pivot_offset = Vector2( 0, 0 )
rect_clip_content = false
mouse_filter = 2
mouse_default_cursor_shape = 0
size_flags_horizontal = 1
size_flags_vertical = 4
custom_fonts/font = SubResource( 2 )
text = "2567"
align = 2
percent_visible = 1.0
lines_skipped = 0
max_lines_visible = -1
_sections_unfolded = [ "Visibility", "custom_colors", "custom_fonts" ]

[node name="BG" type="Label" parent="Frame/VelocityDisplay/Display/Box/LinearVelocity" index="0"]

show_behind_parent = true
anchor_left = 0.0
anchor_top = 0.0
anchor_right = 1.0
anchor_bottom = 1.0
rect_pivot_offset = Vector2( 0, 0 )
rect_clip_content = false
mouse_filter = 2
mouse_default_cursor_shape = 0
size_flags_horizontal = 3
size_flags_vertical = 4
custom_fonts/font = SubResource( 2 )
custom_colors/font_color = Color( 0.273438, 0.273438, 0.273438, 1 )
text = "88888"
align = 2
percent_visible = 1.0
lines_skipped = 0
max_lines_visible = -1
_sections_unfolded = [ "Size Flags", "Visibility", "custom_colors" ]

[node name="Dot" type="ColorRect" parent="Frame/VelocityDisplay/Display/Box/LinearVelocity" index="1"]

anchor_left = 0.0
anchor_top = 0.0
anchor_right = 0.0
anchor_bottom = 0.0
margin_left = 133.0
margin_top = 29.0
margin_right = 136.0
margin_bottom = 32.0
rect_pivot_offset = Vector2( 0, 0 )
rect_clip_content = false
mouse_filter = 0
mouse_default_cursor_shape = 0
size_flags_horizontal = 1
size_flags_vertical = 1
color = Color( 1, 1, 1, 1 )
_sections_unfolded = [ "Rect" ]

[node name="EscapeVelocity" type="Label" parent="Frame/VelocityDisplay/Display/Box" index="1"]

editor/display_folded = true
modulate = Color( 0.944981, 0.96875, 0.20813, 1 )
anchor_left = 0.0
anchor_top = 0.0
anchor_right = 0.0
anchor_bottom = 0.0
margin_top = 34.0
margin_right = 156.0
margin_bottom = 64.0
rect_pivot_offset = Vector2( 0, 0 )
rect_clip_content = false
mouse_filter = 2
mouse_default_cursor_shape = 0
size_flags_horizontal = 1
size_flags_vertical = 4
custom_fonts/font = SubResource( 2 )
text = "2567"
align = 2
percent_visible = 1.0
lines_skipped = 0
max_lines_visible = -1
_sections_unfolded = [ "Visibility", "custom_colors", "custom_fonts" ]

[node name="BG" type="Label" parent="Frame/VelocityDisplay/Display/Box/EscapeVelocity" index="0"]

show_behind_parent = true
anchor_left = 0.0
anchor_top = 0.0
anchor_right = 1.0
anchor_bottom = 1.0
rect_pivot_offset = Vector2( 0, 0 )
rect_clip_content = false
mouse_filter = 2
mouse_default_cursor_shape = 0
size_flags_horizontal = 1
size_flags_vertical = 4
custom_fonts/font = SubResource( 2 )
custom_colors/font_color = Color( 0.273438, 0.273438, 0.273438, 1 )
text = "88888"
align = 2
percent_visible = 1.0
lines_skipped = 0
max_lines_visible = -1
_sections_unfolded = [ "Rect", "Visibility", "custom_colors" ]

[node name="Dot2" type="ColorRect" parent="Frame/VelocityDisplay/Display/Box/EscapeVelocity" index="1"]

anchor_left = 0.0
anchor_top = 0.0
anchor_right = 0.0
anchor_bottom = 0.0
margin_left = 133.0
margin_top = 29.0
margin_right = 136.0
margin_bottom = 32.0
rect_pivot_offset = Vector2( 0, 0 )
rect_clip_content = false
mouse_filter = 0
mouse_default_cursor_shape = 0
size_flags_horizontal = 1
size_flags_vertical = 1
color = Color( 1, 1, 1, 1 )
_sections_unfolded = [ "Rect" ]

[node name="Label" type="Label" parent="Frame/VelocityDisplay" index="1"]

anchor_left = 0.0
anchor_top = 0.0
anchor_right = 0.0
anchor_bottom = 0.0
margin_left = 14.0
margin_top = 27.0
margin_right = 75.0
margin_bottom = 41.0
rect_pivot_offset = Vector2( 0, 0 )
rect_clip_content = false
mouse_filter = 2
mouse_default_cursor_shape = 0
size_flags_horizontal = 1
size_flags_vertical = 4
text = "LinVel -->"
percent_visible = 1.0
lines_skipped = 0
max_lines_visible = -1

[node name="Label2" type="Label" parent="Frame/VelocityDisplay" index="2"]

anchor_left = 0.0
anchor_top = 0.0
anchor_right = 0.0
anchor_bottom = 0.0
margin_left = 14.0
margin_top = 63.0
margin_right = 77.0
margin_bottom = 77.0
rect_pivot_offset = Vector2( 0, 0 )
rect_clip_content = false
mouse_filter = 2
mouse_default_cursor_shape = 0
size_flags_horizontal = 1
size_flags_vertical = 4
text = "EscVel -->"
percent_visible = 1.0
lines_skipped = 0
max_lines_visible = -1

[node name="Label4" type="Label" parent="Frame/VelocityDisplay" index="3"]

anchor_left = 0.0
anchor_top = 0.0
anchor_right = 0.0
anchor_bottom = 0.0
margin_left = 254.0
margin_top = 43.0
margin_right = 293.0
margin_bottom = 57.0
rect_pivot_offset = Vector2( 0, 0 )
rect_clip_content = false
mouse_filter = 2
mouse_default_cursor_shape = 0
size_flags_horizontal = 1
size_flags_vertical = 4
text = "M/sec"
percent_visible = 1.0
lines_skipped = 0
max_lines_visible = -1

[node name="Label5" type="Label" parent="Frame/VelocityDisplay" index="4"]

anchor_left = 0.0
anchor_top = 1.0
anchor_right = 0.0
anchor_bottom = 1.0
margin_left = 8.0
margin_top = -19.0
margin_right = 57.0
margin_bottom = -5.0
rect_pivot_offset = Vector2( 0, 0 )
rect_clip_content = false
mouse_filter = 2
mouse_default_cursor_shape = 0
size_flags_horizontal = 1
size_flags_vertical = 4
text = "LIN-VEL"
percent_visible = 1.0
lines_skipped = 0
max_lines_visible = -1

[node name="InertialDampening" type="Label" parent="Frame/VelocityDisplay" index="5"]

editor/display_folded = true
modulate = Color( 0.550476, 0.90625, 0.194702, 1 )
anchor_left = 0.0
anchor_top = 0.0
anchor_right = 0.0
anchor_bottom = 0.0
margin_left = 94.0
margin_top = 20.0
margin_right = 134.0
margin_bottom = 50.0
rect_pivot_offset = Vector2( 0, 0 )
rect_clip_content = false
mouse_filter = 2
mouse_default_cursor_shape = 0
size_flags_horizontal = 1
size_flags_vertical = 4
text = "DAMP"
align = 1
autowrap = true
percent_visible = 1.0
lines_skipped = 0
max_lines_visible = -1
_sections_unfolded = [ "Visibility" ]

[node name="TargetSpeed" type="Label" parent="Frame/VelocityDisplay/InertialDampening" index="0"]

anchor_left = 0.0
anchor_top = 0.0
anchor_right = 0.0
anchor_bottom = 0.0
margin_top = 16.0
margin_right = 40.0
margin_bottom = 30.0
rect_pivot_offset = Vector2( 0, 0 )
rect_clip_content = false
mouse_filter = 2
mouse_default_cursor_shape = 0
size_flags_horizontal = 1
size_flags_vertical = 4
text = "000"
align = 1
percent_visible = 1.0
lines_skipped = 0
max_lines_visible = -1

[node name="RotationDisplay" type="Panel" parent="Frame" index="1"]

editor/display_folded = true
anchor_left = 1.0
anchor_top = 1.0
anchor_right = 1.0
anchor_bottom = 1.0
margin_left = -1190.0
margin_top = -59.0
margin_right = -889.0
margin_bottom = 1.0
rect_pivot_offset = Vector2( 0, 0 )
rect_clip_content = false
mouse_filter = 0
mouse_default_cursor_shape = 0
size_flags_horizontal = 1
size_flags_vertical = 1

[node name="RotDisplay" type="Panel" parent="Frame/RotationDisplay" index="0" groups=[
"LED",
]]

editor/display_folded = true
anchor_left = 0.0
anchor_top = 0.0
anchor_right = 0.0
anchor_bottom = 0.0
margin_left = 100.0
margin_top = 20.0
margin_right = 182.0
margin_bottom = 50.0
rect_pivot_offset = Vector2( 0, 0 )
rect_clip_content = false
mouse_filter = 0
mouse_default_cursor_shape = 0
size_flags_horizontal = 1
size_flags_vertical = 1
custom_styles/panel = ExtResource( 2 )
_sections_unfolded = [ "Visibility", "custom_styles" ]

[node name="RotRate" type="Label" parent="Frame/RotationDisplay/RotDisplay" index="0"]

editor/display_folded = true
anchor_left = 0.0
anchor_top = 0.0
anchor_right = 1.0
anchor_bottom = 1.0
rect_pivot_offset = Vector2( 0, 0 )
rect_clip_content = false
mouse_filter = 2
mouse_default_cursor_shape = 0
size_flags_horizontal = 1
size_flags_vertical = 4
custom_fonts/font = SubResource( 2 )
text = "111"
align = 1
valign = 1
percent_visible = 1.0
lines_skipped = 0
max_lines_visible = -1
_sections_unfolded = [ "custom_colors", "custom_fonts" ]

[node name="BG" type="Label" parent="Frame/RotationDisplay/RotDisplay/RotRate" index="0"]

show_behind_parent = true
anchor_left = 0.0
anchor_top = 0.0
anchor_right = 1.0
anchor_bottom = 1.0
rect_pivot_offset = Vector2( 0, 0 )
rect_clip_content = false
mouse_filter = 2
mouse_default_cursor_shape = 0
size_flags_horizontal = 3
size_flags_vertical = 4
custom_fonts/font = SubResource( 2 )
custom_colors/font_color = Color( 0.109375, 0.109375, 0.109375, 1 )
text = "888"
align = 1
valign = 1
percent_visible = 1.0
lines_skipped = 0
max_lines_visible = -1
_sections_unfolded = [ "Size Flags", "Visibility", "custom_colors" ]

[node name="LeftArrow" type="Line2D" parent="Frame/RotationDisplay/RotDisplay" index="1"]

position = Vector2( -5, -3 )
points = PoolVector2Array( 19, 6, 11, 18, 19, 30 )
width = 2.0
default_color = Color( 1, 1, 1, 1 )
texture_mode = 640
sharp_limit = 2.0
round_precision = 8

[node name="RightArrow" type="Line2D" parent="Frame/RotationDisplay/RotDisplay" index="2"]

position = Vector2( -18, -3 )
points = PoolVector2Array( 87, 6, 95, 18, 87, 30 )
width = 2.0
default_color = Color( 1, 1, 1, 1 )
texture_mode = 640
sharp_limit = 2.0
round_precision = 8

[node name="Centered" type="Line2D" parent="Frame/RotationDisplay/RotDisplay" index="3"]

position = Vector2( -7, 4 )
points = PoolVector2Array( 35, -2, 59, -2 )
width = 2.0
default_color = Color( 1, 1, 1, 1 )
texture_mode = 640
sharp_limit = 2.0
round_precision = 8

[node name="KillRot" type="Sprite" parent="Frame/RotationDisplay/RotDisplay" index="4"]

position = Vector2( 42, 35 )
texture = ExtResource( 4 )
_sections_unfolded = [ "Visibility" ]

[node name="Heading" type="Panel" parent="Frame/RotationDisplay" index="1" groups=[
"LED",
]]

editor/display_folded = true
anchor_left = 0.0
anchor_top = 0.0
anchor_right = 0.0
anchor_bottom = 0.0
margin_left = 249.0
margin_top = 5.0
margin_right = 295.0
margin_bottom = 30.0
rect_pivot_offset = Vector2( 0, 0 )
rect_clip_content = false
mouse_filter = 0
mouse_default_cursor_shape = 0
size_flags_horizontal = 1
size_flags_vertical = 1
custom_styles/panel = ExtResource( 2 )
_sections_unfolded = [ "Visibility", "custom_styles" ]

[node name="Heading" type="Label" parent="Frame/RotationDisplay/Heading" index="0"]

anchor_left = 0.0
anchor_top = 0.0
anchor_right = 1.0
anchor_bottom = 1.0
rect_pivot_offset = Vector2( 0, 0 )
rect_clip_content = false
mouse_filter = 2
mouse_default_cursor_shape = 0
size_flags_horizontal = 1
size_flags_vertical = 4
custom_fonts/font = SubResource( 2 )
text = "111"
align = 2
valign = 1
percent_visible = 1.0
lines_skipped = 0
max_lines_visible = -1
_sections_unfolded = [ "custom_colors", "custom_fonts" ]

[node name="BG" type="Label" parent="Frame/RotationDisplay/Heading/Heading" index="0"]

show_behind_parent = true
anchor_left = 0.0
anchor_top = 0.0
anchor_right = 1.0
anchor_bottom = 1.0
rect_pivot_offset = Vector2( 0, 0 )
rect_clip_content = false
mouse_filter = 2
mouse_default_cursor_shape = 0
size_flags_horizontal = 3
size_flags_vertical = 4
custom_fonts/font = SubResource( 2 )
custom_colors/font_color = Color( 0.109375, 0.109375, 0.109375, 1 )
text = "888"
align = 2
valign = 1
percent_visible = 1.0
lines_skipped = 0
max_lines_visible = -1
_sections_unfolded = [ "Size Flags", "Visibility", "custom_colors" ]

[node name="Label3" type="Label" parent="Frame/RotationDisplay" index="2"]

anchor_left = 0.0
anchor_top = 0.0
anchor_right = 0.0
anchor_bottom = 0.0
margin_left = 39.0
margin_top = 29.0
margin_right = 89.0
margin_bottom = 43.0
rect_pivot_offset = Vector2( 0, 0 )
rect_clip_content = false
mouse_filter = 2
mouse_default_cursor_shape = 0
size_flags_horizontal = 1
size_flags_vertical = 4
text = "Rate -->"
percent_visible = 1.0
lines_skipped = 0
max_lines_visible = -1

[node name="Label5" type="Label" parent="Frame/RotationDisplay" index="3"]

anchor_left = 0.0
anchor_top = 0.0
anchor_right = 0.0
anchor_bottom = 0.0
margin_left = 184.0
margin_top = 37.0
margin_right = 240.0
margin_bottom = 51.0
rect_pivot_offset = Vector2( 0, 0 )
rect_clip_content = false
mouse_filter = 2
mouse_default_cursor_shape = 0
size_flags_horizontal = 1
size_flags_vertical = 4
text = "Deg./sec"
percent_visible = 1.0
lines_skipped = 0
max_lines_visible = -1

[node name="Label6" type="Label" parent="Frame/RotationDisplay" index="4"]

anchor_left = 0.0
anchor_top = 0.0
anchor_right = 0.0
anchor_bottom = 0.0
margin_left = 190.0
margin_top = 5.0
margin_right = 246.0
margin_bottom = 19.0
rect_pivot_offset = Vector2( 0, 0 )
rect_clip_content = false
mouse_filter = 2
mouse_default_cursor_shape = 0
size_flags_horizontal = 1
size_flags_vertical = 4
text = "Heading"
percent_visible = 1.0
lines_skipped = 0
max_lines_visible = -1

[node name="Label7" type="Label" parent="Frame/RotationDisplay" index="5"]

anchor_left = 0.0
anchor_top = 0.0
anchor_right = 0.0
anchor_bottom = 0.0
margin_left = 7.0
margin_top = 6.0
margin_right = 63.0
margin_bottom = 20.0
rect_pivot_offset = Vector2( 0, 0 )
rect_clip_content = false
mouse_filter = 2
mouse_default_cursor_shape = 0
size_flags_horizontal = 1
size_flags_vertical = 4
text = "ROT-VEL"
percent_visible = 1.0
lines_skipped = 0
max_lines_visible = -1

[node name="Clock" type="Panel" parent="Frame" index="2"]

self_modulate = Color( 1, 1, 1, 0 )
anchor_left = 0.0
anchor_top = 1.0
anchor_right = 0.0
anchor_bottom = 1.0
margin_left = 3.0
margin_top = -884.0
margin_right = 319.0
margin_bottom = -767.0
rect_pivot_offset = Vector2( 0, 0 )
rect_clip_content = false
mouse_filter = 0
mouse_default_cursor_shape = 0
size_flags_horizontal = 1
size_flags_vertical = 1
script = ExtResource( 5 )
_sections_unfolded = [ "Visibility" ]

[node name="TimeDisplay" type="Panel" parent="Frame/Clock" index="0" groups=[
"LED",
]]

modulate = Color( 1.04, 1.05, 0.0907135, 1 )
anchor_left = 0.0
anchor_top = 0.0
anchor_right = 0.0
anchor_bottom = 0.0
margin_left = 31.0
margin_top = 49.0
margin_right = 294.0
margin_bottom = 105.0
rect_pivot_offset = Vector2( 0, 0 )
rect_clip_content = false
mouse_filter = 0
mouse_default_cursor_shape = 0
size_flags_horizontal = 1
size_flags_vertical = 1
custom_styles/panel = SubResource( 3 )
_sections_unfolded = [ "Material", "Visibility", "custom_styles" ]

[node name="Box" type="HBoxContainer" parent="Frame/Clock/TimeDisplay" index="0"]

anchor_left = 0.0
anchor_top = 0.0
anchor_right = 0.0
anchor_bottom = 0.0
margin_left = 4.0
margin_top = 4.0
margin_right = 216.0
margin_bottom = 20.0
rect_pivot_offset = Vector2( 0, 0 )
rect_clip_content = false
mouse_filter = 1
mouse_default_cursor_shape = 0
size_flags_horizontal = 1
size_flags_vertical = 1
alignment = 0
_sections_unfolded = [ "Material", "Visibility" ]

[node name="Dow" type="Label" parent="Frame/Clock/TimeDisplay/Box" index="0"]

anchor_left = 0.0
anchor_top = 0.0
anchor_right = 0.0
anchor_bottom = 0.0
margin_right = 40.0
margin_bottom = 16.0
rect_pivot_offset = Vector2( 0, 0 )
rect_clip_content = false
mouse_filter = 2
mouse_default_cursor_shape = 0
size_flags_horizontal = 3
size_flags_vertical = 4
custom_fonts/font = SubResource( 4 )
text = "Mon"
align = 1
percent_visible = 1.0
lines_skipped = 0
max_lines_visible = -1
_sections_unfolded = [ "Material", "Size Flags" ]

[node name="Month" type="Label" parent="Frame/Clock/TimeDisplay/Box" index="1"]

anchor_left = 0.0
anchor_top = 0.0
anchor_right = 0.0
anchor_bottom = 0.0
margin_left = 44.0
margin_right = 84.0
margin_bottom = 16.0
rect_pivot_offset = Vector2( 0, 0 )
rect_clip_content = false
mouse_filter = 2
mouse_default_cursor_shape = 0
size_flags_horizontal = 3
size_flags_vertical = 4
custom_fonts/font = SubResource( 4 )
text = "Sep"
align = 1
percent_visible = 1.0
lines_skipped = 0
max_lines_visible = -1
_sections_unfolded = [ "Size Flags" ]

[node name="Day" type="Label" parent="Frame/Clock/TimeDisplay/Box" index="2"]

anchor_left = 0.0
anchor_top = 0.0
anchor_right = 0.0
anchor_bottom = 0.0
margin_left = 88.0
margin_right = 128.0
margin_bottom = 16.0
rect_pivot_offset = Vector2( 0, 0 )
rect_clip_content = false
mouse_filter = 2
mouse_default_cursor_shape = 0
size_flags_horizontal = 3
size_flags_vertical = 4
custom_fonts/font = SubResource( 4 )
text = "13"
align = 1
percent_visible = 1.0
lines_skipped = 0
max_lines_visible = -1
_sections_unfolded = [ "Size Flags" ]

[node name="Year" type="Label" parent="Frame/Clock/TimeDisplay/Box" index="3"]

anchor_left = 0.0
anchor_top = 0.0
anchor_right = 0.0
anchor_bottom = 0.0
margin_left = 132.0
margin_right = 212.0
margin_bottom = 16.0
rect_pivot_offset = Vector2( 0, 0 )
rect_clip_content = false
mouse_filter = 2
mouse_default_cursor_shape = 0
size_flags_horizontal = 3
size_flags_vertical = 4
size_flags_stretch_ratio = 2.0
custom_fonts/font = SubResource( 4 )
text = "1994"
align = 1
percent_visible = 1.0
lines_skipped = 0
max_lines_visible = -1
_sections_unfolded = [ "Size Flags" ]

[node name="Time" type="Label" parent="Frame/Clock/TimeDisplay" index="1"]

anchor_left = 0.0
anchor_top = 0.0
anchor_right = 0.0
anchor_bottom = 0.0
margin_left = 88.0
margin_top = 25.0
margin_right = 232.0
margin_bottom = 57.0
rect_pivot_offset = Vector2( 0, 0 )
rect_clip_content = false
mouse_filter = 2
mouse_default_cursor_shape = 0
size_flags_horizontal = 3
size_flags_vertical = 4
custom_fonts/font = SubResource( 5 )
text = "12:59:59"
align = 1
percent_visible = 1.0
lines_skipped = 0
max_lines_visible = -1
_sections_unfolded = [ "Size Flags", "Visibility", "custom_fonts" ]

[node name="ColorRect" type="ColorRect" parent="Frame/Clock/TimeDisplay" index="2"]

anchor_left = 0.0
anchor_top = 0.0
anchor_right = 0.0
anchor_bottom = 0.0
margin_left = 5.0
margin_top = 21.0
margin_right = 260.0
margin_bottom = 22.0
rect_pivot_offset = Vector2( 0, 0 )
rect_clip_content = false
mouse_filter = 0
mouse_default_cursor_shape = 0
size_flags_horizontal = 1
size_flags_vertical = 1
color = Color( 0.585938, 0.585938, 0.585938, 1 )

[node name="Blink" type="AnimationPlayer" parent="Frame/Clock" index="1"]

root_node = NodePath("..")
autoplay = ""
playback_process_mode = 1
playback_default_blend_time = 0.0
playback_speed = 1.0
anims/blink = SubResource( 6 )
blend_times = [  ]

[node name="Overlay" type="TextureRect" parent="Frame/Clock" index="2"]

anchor_left = 0.0
anchor_top = 1.0
anchor_right = 0.0
anchor_bottom = 1.0
margin_left = -3.0
margin_top = -118.0
margin_right = 317.0
rect_pivot_offset = Vector2( 0, 0 )
rect_clip_content = false
mouse_filter = 1
mouse_default_cursor_shape = 0
size_flags_horizontal = 1
size_flags_vertical = 1
texture = ExtResource( 7 )
stretch_mode = 0
_sections_unfolded = [ "Material", "Visibility" ]

[node name="Blinker" type="ColorRect" parent="Frame/Clock/Overlay" index="0"]

anchor_left = 0.0
anchor_top = 0.0
anchor_right = 0.0
anchor_bottom = 0.0
margin_left = 40.0
margin_top = 91.0
margin_right = 81.0
margin_bottom = 93.0
rect_pivot_offset = Vector2( 0, 0 )
rect_clip_content = false
mouse_filter = 0
mouse_default_cursor_shape = 0
size_flags_horizontal = 1
size_flags_vertical = 1
color = Color( 1, 1, 1, 1 )
_sections_unfolded = [ "Visibility" ]

[node name="Message" type="Panel" parent="Frame" index="3"]

editor/display_folded = true
anchor_left = 0.0
anchor_top = 0.0
anchor_right = 0.0
anchor_bottom = 0.0
margin_left = 324.0
margin_top = -5.0
margin_right = 794.0
margin_bottom = 251.0
rect_pivot_offset = Vector2( 0, 0 )
rect_clip_content = false
mouse_filter = 0
mouse_default_cursor_shape = 0
size_flags_horizontal = 1
size_flags_vertical = 1
custom_styles/panel = SubResource( 7 )
_sections_unfolded = [ "Visibility", "custom_styles" ]

[node name="RichTextLabel" type="RichTextLabel" parent="Frame/Message" index="0"]

anchor_left = 0.0
anchor_top = 0.0
anchor_right = 1.0
anchor_bottom = 1.0
margin_left = 8.0
margin_top = 8.0
margin_right = -16.0
margin_bottom = 8.0
rect_pivot_offset = Vector2( 0, 0 )
rect_clip_content = true
mouse_filter = 0
mouse_default_cursor_shape = 0
size_flags_horizontal = 1
size_flags_vertical = 1
bbcode_enabled = true
bbcode_text = "Hello World!"
visible_characters = -1
percent_visible = 1.0
meta_underlined = true
tab_size = 4
text = "Hello World!"
scroll_active = false
scroll_following = false
selection_enabled = false
override_selected_font_color = false
_sections_unfolded = [ "BBCode", "Margin" ]

[node name="LinVel" type="ReferenceRect" parent="Frame" index="4"]

editor/display_folded = true
self_modulate = Color( 1, 1, 1, 0 )
anchor_left = 0.5
anchor_top = 1.0
anchor_right = 0.5
anchor_bottom = 1.0
margin_left = -786.0
margin_top = -213.0
margin_right = -462.0
margin_bottom = 3.0
rect_pivot_offset = Vector2( 0, 0 )
rect_clip_content = false
mouse_filter = 0
mouse_default_cursor_shape = 0
size_flags_horizontal = 1
size_flags_vertical = 1
_sections_unfolded = [ "Rect", "Visibility" ]

[node name="Display" type="Panel" parent="Frame/LinVel" index="0" groups=[
"LED",
]]

editor/display_folded = true
modulate = Color( 1.6, 0.4, 0, 1 )
anchor_left = 0.0
anchor_top = 0.0
anchor_right = 0.0
anchor_bottom = 0.0
margin_left = 184.0
margin_top = 130.0
margin_right = 298.0
margin_bottom = 194.0
rect_pivot_offset = Vector2( 0, 0 )
rect_clip_content = false
mouse_filter = 0
mouse_default_cursor_shape = 0
size_flags_horizontal = 1
size_flags_vertical = 1
custom_styles/panel = ExtResource( 2 )
_sections_unfolded = [ "Material", "Visibility", "custom_styles" ]

[node name="Velocity" type="Label" parent="Frame/LinVel/Display" index="0"]

editor/display_folded = true
anchor_left = 0.0
anchor_top = 0.0
anchor_right = 0.0
anchor_bottom = 0.0
margin_left = 2.0
margin_top = 2.0
margin_right = 106.0
margin_bottom = 35.0
rect_pivot_offset = Vector2( 0, 0 )
rect_clip_content = false
mouse_filter = 2
mouse_default_cursor_shape = 0
size_flags_horizontal = 1
size_flags_vertical = 4
custom_fonts/font = SubResource( 8 )
text = "17"
align = 2
valign = 1
percent_visible = 1.0
lines_skipped = 0
max_lines_visible = -1
_sections_unfolded = [ "custom_fonts" ]

[node name="Label3" type="Label" parent="Frame/LinVel/Display/Velocity" index="0"]

modulate = Color( 1, 1, 1, 0.116039 )
show_behind_parent = true
anchor_left = 0.0
anchor_top = 0.0
anchor_right = 1.0
anchor_bottom = 1.0
rect_pivot_offset = Vector2( 0, 0 )
rect_clip_content = false
mouse_filter = 2
mouse_default_cursor_shape = 0
size_flags_horizontal = 1
size_flags_vertical = 4
custom_fonts/font = SubResource( 8 )
text = "8888"
align = 2
valign = 1
percent_visible = 1.0
lines_skipped = 0
max_lines_visible = -1
_sections_unfolded = [ "Visibility", "custom_fonts" ]

[node name="VectorDot" type="ColorRect" parent="Frame/LinVel/Display" index="1"]

self_modulate = Color( 1, 1, 1, 0.790039 )
anchor_left = 0.0
anchor_top = 0.0
anchor_right = 0.0
anchor_bottom = 0.0
margin_left = -27.0
margin_top = -47.0
margin_right = -21.0
margin_bottom = -41.0
rect_pivot_offset = Vector2( 0, 0 )
rect_clip_content = false
mouse_filter = 0
mouse_default_cursor_shape = 0
size_flags_horizontal = 1
size_flags_vertical = 1
color = Color( 1, 1, 1, 1 )
_sections_unfolded = [ "Visibility" ]

[node name="Warning" type="ColorRect" parent="Frame/LinVel/Display" index="2"]

self_modulate = Color( 0.097168, 0.777344, 0.586044, 1 )
anchor_left = 0.0
anchor_top = 0.0
anchor_right = 0.0
anchor_bottom = 0.0
margin_left = 119.0
margin_top = 47.0
margin_right = 133.0
margin_bottom = 61.0
rect_pivot_offset = Vector2( 0, 0 )
rect_clip_content = false
mouse_filter = 0
mouse_default_cursor_shape = 0
size_flags_horizontal = 1
size_flags_vertical = 1
color = Color( 1, 1, 1, 1 )
_sections_unfolded = [ "Visibility" ]

[node name="TextureRect" type="TextureRect" parent="Frame/LinVel/Display" index="3"]

anchor_left = 0.0
anchor_top = 0.0
anchor_right = 0.0
anchor_bottom = 0.0
margin_left = 1.0
margin_top = 41.0
margin_right = 34.0
margin_bottom = 50.0
rect_pivot_offset = Vector2( 0, 0 )
rect_clip_content = false
mouse_filter = 1
mouse_default_cursor_shape = 0
size_flags_horizontal = 1
size_flags_vertical = 1
texture = ExtResource( 8 )
stretch_mode = 0
_sections_unfolded = [ "Visibility" ]

[node name="Label2" type="Label" parent="Frame/LinVel/Display" index="4"]

editor/display_folded = true
anchor_left = 0.0
anchor_top = 0.0
anchor_right = 0.0
anchor_bottom = 0.0
margin_left = 41.0
margin_top = 44.0
margin_right = 71.0
margin_bottom = 59.0
rect_pivot_offset = Vector2( 0, 0 )
rect_clip_content = false
mouse_filter = 2
mouse_default_cursor_shape = 0
size_flags_horizontal = 1
size_flags_vertical = 4
custom_fonts/font = SubResource( 9 )
text = "120"
align = 2
valign = 1
percent_visible = 1.0
lines_skipped = 0
max_lines_visible = -1
_sections_unfolded = [ "custom_fonts" ]

[node name="Label3" type="Label" parent="Frame/LinVel/Display/Label2" index="0"]

modulate = Color( 1, 1, 1, 0.116039 )
show_behind_parent = true
anchor_left = 0.0
anchor_top = 0.0
anchor_right = 1.0
anchor_bottom = 1.0
rect_pivot_offset = Vector2( 0, 0 )
rect_clip_content = false
mouse_filter = 2
mouse_default_cursor_shape = 0
size_flags_horizontal = 1
size_flags_vertical = 4
custom_fonts/font = SubResource( 9 )
text = "888"
align = 2
valign = 1
percent_visible = 1.0
lines_skipped = 0
max_lines_visible = -1
_sections_unfolded = [ "Visibility", "custom_fonts" ]

[node name="Label" type="Label" parent="Frame/LinVel/Display" index="5"]

modulate = Color( 0.902344, 0.73029, 0.592163, 1 )
anchor_left = 0.0
anchor_top = 0.0
anchor_right = 0.0
anchor_bottom = 0.0
margin_left = -157.0
margin_top = -61.0
margin_right = -69.0
margin_bottom = -51.0
rect_pivot_offset = Vector2( 0, 0 )
rect_clip_content = false
mouse_filter = 2
mouse_default_cursor_shape = 0
size_flags_horizontal = 1
size_flags_vertical = 4
custom_fonts/font = SubResource( 10 )
text = "Main -ON-"
percent_visible = 1.0
lines_skipped = 0
max_lines_visible = -1
_sections_unfolded = [ "Visibility", "custom_fonts" ]

[node name="Graphics" type="TextureRect" parent="Frame/LinVel/Display" index="6"]

modulate = Color( 1, 1, 1, 0.414353 )
anchor_left = 0.0
anchor_top = 0.0
anchor_right = 0.0
anchor_bottom = 0.0
margin_left = -184.0
margin_top = -130.0
margin_right = 328.0
margin_bottom = 86.0
rect_pivot_offset = Vector2( 0, 0 )
rect_clip_content = false
mouse_filter = 1
mouse_default_cursor_shape = 0
size_flags_horizontal = 1
size_flags_vertical = 1
texture = ExtResource( 10 )
stretch_mode = 0
_sections_unfolded = [ "Rect", "Visibility" ]

[node name="TextureRect2" type="ColorRect" parent="Frame/LinVel/Display" index="7"]

material = SubResource( 12 )
anchor_left = 0.0
anchor_top = 0.0
anchor_right = 1.0
anchor_bottom = 1.0
rect_pivot_offset = Vector2( 0, 0 )
rect_clip_content = false
mouse_filter = 0
mouse_default_cursor_shape = 0
size_flags_horizontal = 1
size_flags_vertical = 1
color = Color( 1, 1, 1, 1 )
_sections_unfolded = [ "Material" ]

[node name="Overlay" type="TextureRect" parent="Frame/LinVel" index="1"]

modulate = Color( 0.609375, 0.549866, 0.549866, 1 )
anchor_left = 0.5
anchor_top = 1.0
anchor_right = 0.5
anchor_bottom = 1.0
margin_left = -162.0
margin_top = -216.0
margin_right = 350.0
rect_pivot_offset = Vector2( 0, 0 )
rect_clip_content = false
mouse_filter = 1
mouse_default_cursor_shape = 0
size_flags_horizontal = 1
size_flags_vertical = 1
texture = ExtResource( 11 )
stretch_mode = 0
_sections_unfolded = [ "Rect", "Visibility" ]

[node name="EscapeDisplay" type="Panel" parent="Frame" index="5"]

editor/display_folded = true
anchor_left = 1.0
anchor_top = 0.0
anchor_right = 1.0
anchor_bottom = 0.0
margin_left = -1275.0
margin_top = 848.0
margin_right = -1249.0
margin_bottom = 862.0
rect_pivot_offset = Vector2( 0, 0 )
rect_clip_content = false
mouse_filter = 0
mouse_default_cursor_shape = 0
size_flags_horizontal = 1
size_flags_vertical = 1
_sections_unfolded = [ "Visibility" ]

[node name="ColorRect" type="ColorRect" parent="Frame/EscapeDisplay" index="0"]

editor/display_folded = true
anchor_left = 0.0
anchor_top = 0.0
anchor_right = 1.0
anchor_bottom = 1.0
rect_pivot_offset = Vector2( 0, 0 )
rect_clip_content = false
mouse_filter = 0
mouse_default_cursor_shape = 0
size_flags_horizontal = 1
size_flags_vertical = 1
color = Color( 0.945312, 0.0553894, 0.0553894, 1 )

[node name="Label" type="Label" parent="Frame/EscapeDisplay/ColorRect" index="0"]

modulate = Color( 0, 0, 0, 1 )
anchor_left = 0.0
anchor_top = 0.0
anchor_right = 1.0
anchor_bottom = 1.0
rect_pivot_offset = Vector2( 0, 0 )
rect_clip_content = false
mouse_filter = 2
mouse_default_cursor_shape = 0
size_flags_horizontal = 1
size_flags_vertical = 4
text = "ESC"
align = 1
valign = 1
percent_visible = 1.0
lines_skipped = 0
max_lines_visible = -1
_sections_unfolded = [ "Visibility" ]

[node name="AnimationPlayer" type="AnimationPlayer" parent="Frame/EscapeDisplay" index="1"]

root_node = NodePath("..")
autoplay = "blink"
playback_process_mode = 1
playback_default_blend_time = 0.0
playback_speed = 1.0
anims/blink = SubResource( 13 )
blend_times = [  ]

[node name="DisplayTint" type="ColorPickerButton" parent="Frame" index="6"]

anchor_left = 0.0
anchor_top = 0.0
anchor_right = 0.0
anchor_bottom = 0.0
margin_left = 12.0
margin_top = 139.0
margin_right = 141.0
margin_bottom = 198.0
rect_pivot_offset = Vector2( 0, 0 )
rect_clip_content = false
focus_mode = 2
mouse_filter = 0
mouse_default_cursor_shape = 0
size_flags_horizontal = 1
size_flags_vertical = 1
custom_colors/font_color = Color( 0, 0, 0, 1 )
toggle_mode = false
enabled_focus_mode = 2
shortcut = null
group = null
text = "LED Tint"
flat = false
align = 1
color = Color( 1.16, 0.4, 0.291595, 1 )
edit_alpha = false
_sections_unfolded = [ "custom_colors" ]

[node name="Glow" parent="." index="1" instance=ExtResource( 12 )]

[connection signal="color_changed" from="Frame/DisplayTint" to="." method="_on_DisplayTint_color_changed"]


